@misc{DatabasePerformanceFigure,
	author = "Realm",
    title = "{Introducing Realm}",
    year = "2014",
    note = "Accessed on 29-March-2017. Available at https://real m.io/news/introducing-realm."
}

@misc{SpatiaLiteWebsite,
	author = "SpatiaLite",
    title = "{SpatiaLite 4.3.0 SQL Functions Reference List}",
    year = "2017",
    note = "Accessed on 29-March-2017. Available at http://www.gaia-gis.it/gaia-sins/spatialite-sql-4.3.0.html. "
}

@misc{PHFetchResultWebsite,
	author = "Apple",
    title = "{API Reference - PHFetchResult}",
    year = "2016",
    note = "Accessed on 29-March-2017. Available at https://developer.apple.com/reference/photos/phfetchresult"
}

@misc{GoogleMapsTimelineBlog,
    author = "Gerard Sanz",
    title = "{Your Timeline: Revisiting the world that youâ€™ve explored}",
    year = "2015",
    note = "Accessed on 2-April-2017. Available at https://maps.googleblog.com/2015/07/your-timeline-revisiting-world-that.html"
}

@misc{AppleMapKitUnderstandingMapGeometry,
    author = "Apple",
    title = "{Location and Maps Programming Guide - Understanding Map Geometry}",
    year = "2016",
}

@misc{AppleUITableViewCell,
    author = "Apple",
    title = "{A Closer Look at Table View Cells}",
    year = "2013",
    note = "Accessed on 2-April-2017. Available at https://developer.apple.com/library/content/documentation/UserExperience/Concep tual/TableView\_iPhone/TableViewCells/TableViewCells.html"
}

@misc{MapboxDocumentation,
    author = "Mapbox",
    title = "Mapbox iOS SDK reference",
    year = "2017",
    note = "Accessed on 2-April-2017. Available at https://www.mapbox.com/ios-sdk/api/3.5.0/"
}